@manual{DL1Dsheet,
	title = {{DL1_Dsheet}},
}

@manual{XBeeManual,
	organisation = {{Digi International, Inc.}},
	title = {{XBee®/XBee-PRO® OEM RF Modules}},
	year = {{2008}},
}

@Article{MAX202E-MAX241,
	title = {{MAX202E-MAX241E}},
	year = {{2005}},
}

@manual{MAX3100,
	address = {{120 San Gabriel Drive, Sunnyvale, CA 94086}},
	organisation = {{Maxim Integrated Products}},
	author = {Jose Cardenas},
	title = {{MAX3100 Datasheet}},
	year = {{2009}},
}

@Article{LT1521,
	title = {{LT1521}},
	year = {{1995}},
}

@Article{LTC1129,
	title = {{LTC1129}},
	year = {{1994}},
}

@manual{AT90CAN,
	organisation = {{Atmel Corporation}},
	author = {Atmel Corporation},
	title = {{AT90CAN32/64/128 Automotive Data Sheet}},
	year = {{2008}},
}

@Article{ABA0000PE252,
	title = {{ABA0000PE252}},
	year = {{2009}},
}

@Article{MAX3110E-MAX31,
	title = {{MAX3110E-MAX3111E}},
	year = {{2000}},
}

@Article{AT90CANDevBo,
	title = {{AT90CAN Dev Board}},
	year = {{2008}},
}

@Article{11602fb,
	title = {{11602fb}},
	year = {{1995}},
}

@Article{doc2467,
	title = {{doc2467}},
	year = {{2009}},
}

@Article{3862fb,
	title = {{3862fb}},
	year = {{2008}},
}

@Article{DS1232,
	title = {{DS1232}},
	year = {{2000}},
}

@Article{ABA0000CE5,
	title = {{ABA0000CE5}},
	year = {{2008}},
}

@Article{irl2203npbf,
	title = {{irl2203npbf}},
	year = {{2000}},
}

@Article{irfz34vspbf,
	title = {{irfz34_vspbf}},
	year = {{2000}},
}

@Article{FDLL4148,
	title = {{FDLL4148}},
	year = {{2007}},
}

@Article{2300series,
	title = {{2300_series}},
	year = {{2003}},
}

@Article{ata6660,
	title = {{ata6660}},
	year = {{2008}},
}

@Article{7647S,
	title = {{7647S}},
	year = {{2008}},
}

@Article{irfz48zpbf,
	title = {{irfz48_zpbf}},
	year = {{2000}},
}

@Article{pds760,
	title = {{pds760}},
	year = {{2008}},
}

@Article{MCP2551,
	title = {{MCP2551}},
	year = {{2007}},
}

@Article{pichaseries,
	title = {{pic_ha_series}},
	year = {{2000}},
}

@Article{LTC1232,
	title = {{LTC1232}},
	year = {{2000}},
}

@Article{AT90CANSummar,
	title = {{AT90CAN Summary}},
	year = {{2008}},
}

@Article{Si7370,
	title = {{Si7370}},
	year = {{2000}},
}

@Article{4N37-M,
	title = {{4N37-M}},
	year = {{2009}},
}

